<?xml version="1.0" encoding="utf-8"?>
<record xmlns="http://www.loc.gov/MARC21/slim" xmlns:xsi="http://www.w3.org/2001/XMLSchema-instance" xsi:schemaLocation="http://www.loc.gov/MARC21/slim http://www.loc.gov/standards/marcxml/schema/MARC21slim.xsd">
	<leader>     nam a22        4500</leader>
	<controlfield tag="001">657229</controlfield>
	<controlfield tag="003">NNC</controlfield>
	<controlfield tag="006">m        d        </controlfield>
	<controlfield tag="007">cr cn |||m|||a</controlfield>
	<controlfield tag="008">170607m19771978ir      o     000 0 arar </controlfield>
	<datafield ind1=" " ind2=" " tag="040">
		<subfield code="a">NNU</subfield>
		<subfield code="b">eng</subfield>
		<subfield code="c">NNU</subfield>
	</datafield>
	<datafield ind1="0" ind2=" " tag="050">
		<subfield code="a">BP193.25</subfield>
		<subfield code="b">.H87 1977</subfield>
	</datafield>
	<datafield ind1=" " ind2=" " tag="090">
		<subfield code="a">BP193.25</subfield>
		<subfield code="b">.H87 1977</subfield>
	</datafield>
	<datafield ind1="1" ind2=" " tag="100">
		<subfield code="a">Ḥurr al-ʻĀmilī, Muḥammad ibn al-Ḥasan,</subfield>
		<subfield code="d">1624-1693.</subfield>
	</datafield>
	<datafield ind1="1" ind2="0" tag="245">
		<subfield code="a">Wasāʾil al-Shīʻah ilá taḥṣīl masāʾil al-sharīʻah</subfield>
		<subfield code="h">[electronic resource] /</subfield>
		<subfield code="c">taʾlīf Muḥammad ibn al-Ḥasan al-Ḥurr al-ʻĀmilī ; ʻuniya bi-taṣḥīḥihi wa-taḥqīqihi wa-tadhyīlihi ʻAbd al-Raḥmān al-Rabbānī al-Shīrāzī.</subfield>
	</datafield>
	<datafield ind1=" " ind2=" " tag="250">
		<subfield code="a">al-Ṭabʻah 5.</subfield>
	</datafield>
	<datafield ind1=" " ind2=" " tag="260">
		<subfield code="a">Tihrān :</subfield>
		<subfield code="b">Maktabah al-Islāmīyah,</subfield>
		<subfield code="c">1398 [1977 or 1978]</subfield>
	</datafield>
	<datafield ind1=" " ind2=" " tag="300">
		<subfield code="a">online resource (20 v.)</subfield>
	</datafield>
	<datafield ind1=" " ind2=" " tag="500">
		<subfield code="a">Vol. 20 edited by: Muḥammad al-Rāzī.</subfield>
	</datafield>
	<datafield ind1=" " ind2=" " tag="500">
		<subfield code="a">Part of the Arabic Collections Online (ACO) project, contributed by Columbia University Libraries.</subfield>
	</datafield>
	<datafield ind1=" " ind2=" " tag="504">
		<subfield code="a">Includes bibliographical references.</subfield>
	</datafield>
	<datafield ind1=" " ind2=" " tag="500">
		<subfield code="a">Vol. 6, 10, 12-14, 16, 19, 4th ed; Vol. 7-9, 11, 17-18, 3rd ed.</subfield>
	</datafield>
	<datafield ind1=" " ind2=" " tag="533">
		<subfield code="a">Electronic reproduction.</subfield>
		<subfield code="b">New York, N.Y. :</subfield>
		<subfield code="c">New York University,</subfield>
		<subfield code="d">2017.</subfield>
		<subfield code="5">NNU</subfield>
	</datafield>
	<datafield ind1=" " ind2="0" tag="650">
		<subfield code="a">Hadith (Shiites)</subfield>
		<subfield code="v">Early works to 1800.</subfield>
	</datafield>
	<datafield ind1="1" ind2=" " tag="700">
		<subfield code="a">Rabbānī, ʻAbd al-Raḥmān.</subfield>
	</datafield>
	<datafield ind1="1" ind2=" " tag="700">
		<subfield code="a">Rāzī, Muḥammad,</subfield>
		<subfield code="d">1922-</subfield>
	</datafield>
	<datafield ind1="2" ind2=" " tag="710">
		<subfield code="a">Columbia University.</subfield>
		<subfield code="b">Libraries.</subfield>
	</datafield>
	<datafield ind1="0" ind2=" " tag="730">
		<subfield code="a">Arabic Collections Online.</subfield>
	</datafield>
	<datafield ind1="0" ind2="8" tag="776">
		<subfield code="i">Print version:</subfield>
		<subfield code="a">Ḥurr al-ʻĀmilī, Muḥammad ibn al-Ḥasan, 1624-1693.</subfield>
		<subfield code="t">Wasāʾil al-Shīʻah ilá taḥṣīl masāʾil al-sharīʻah</subfield>
		<subfield code="w">(NNC)657229</subfield>
		<subfield code="w">(DLC)   84931208 </subfield>
	</datafield>
	<datafield ind1="4" ind2="0" tag="856">
		<subfield code="u">http://hdl.handle.net/2333.1/rn8pk5jg</subfield>
	</datafield>
	<datafield ind1=" " ind2=" " tag="959">
		<subfield code="a">NNU</subfield>
		<subfield code="b">WEB</subfield>
		<subfield code="c">GENI</subfield>
		<subfield code="t">0</subfield>
		<subfield code="m">Electronic access</subfield>
		<subfield code="s">01</subfield>
	</datafield>
	<datafield ind1=" " ind2=" " tag="999">
		<subfield code="i">NNC_657229</subfield>
		<subfield code="s">columbia_aco002423:v.1</subfield>
		<subfield code="s">columbia_aco002422:v.2</subfield>
		<subfield code="s">columbia_aco002421:v.3</subfield>
		<subfield code="s">columbia_aco002420:v.4</subfield>
		<subfield code="s">columbia_aco002429:v.5</subfield>
		<subfield code="s">columbia_aco002428:v.6</subfield>
		<subfield code="s">columbia_aco002427:v.7</subfield>
		<subfield code="s">columbia_aco002426:v.8</subfield>
		<subfield code="s">columbia_aco002425:v.9</subfield>
		<subfield code="s">columbia_aco002424:v.10</subfield>
		<subfield code="s">columbia_aco002433:v.11</subfield>
		<subfield code="s">columbia_aco002432:v.12</subfield>
		<subfield code="s">columbia_aco002431:v.13</subfield>
		<subfield code="s">columbia_aco002430:v.14</subfield>
		<subfield code="s">columbia_aco002434:v.15</subfield>
		<subfield code="e">(ERROR-880)</subfield>
	</datafield>
</record>
